@article{Markowitz1952,
    author = {Markowitz, H.},
    title = {Portfolio Selection},
    journal = {The Journal of Finance},
    year = {1952},
    volume = {7},
    number = {1},
    pages = {77--91},
    doi = {10.1111/j.1540-6261.1952.tb01525.x}
}

@article{Sharpe1966,
    author = {Sharpe, William F.},
    title = {Mutual Fund Performance},
    journal = {The Journal of Business},
    year = {1966},
    volume = {39},
    number = {1},
    pages = {119--138},
    doi = {10.1086/294846}
}

@misc{Rubio-Garcia2022,
    author = {Rubio-García, Álvaro and García-Ripoll, Juan José and Porras, Diego},
    title = {Portfolio Optimization with Discrete Simulated Annealing},
    year = {2022},
    eprint = {2210.00807},
    archivePrefix = {arXiv},
    primaryClass = {q-fin.PM},
    doi = {10.48550/arXiv.2210.00807}
}
